% Encoding: UTF-8

@book{schwab2016fourth,
  title={The fourth industrial revolution},
  author={Schwab, Klaus},
  year={2016},
  publisher={Crown Currency},
  pages= {1},
}

@Article{almeida2020challenges,
  author    = {Almeida, Fernando and Santos, Jos{'e} Duarte and Monteiro, Jos{'e} Augusto},
  title     = {The challenges and opportunities in the digitalization of companies in a post-COVID-19 World},
  number    = {3},
  pages     = {97--103},
  volume    = {48},
  journal   = {IEEE Engineering Management Review},
  publisher = {IEEE},
  year      = {2020},
}

@Article{kutnjak2021covid,
  author    = {Kutnjak, Ana},
  title     = {Covid-19 accelerates digital transformation in industries: Challenges, issues, barriers and problems in transformation},
  pages     = {79373--79388},
  volume    = {9},
  journal   = {IEEE access},
  publisher = {IEEE},
  year      = {2021},
}

@Report{VDAB2024,
  author      = {VDAB},
  date        = {2024-02-01},
  institution = {VDAB},
  title       = {Knelpuntberoepen in Vlaanderen editie 2024},
  type        = {resreport},
}

@article{bock2021low,
  title={Low-code platform},
  author={Bock, Alexander C and Frank, Ulrich},
  journal={Business {\&} Information Systems Engineering},
  volume={63},
  pages={733--740},
  year={2021},
  publisher={Springer}
}

%literature
@Online{ComputerHope2023,
  author  = {{Computer Hope}},
  date    = {2023-12-11},
  title   = {GUI},
  url     = {https://www.computerhope.com/jargon/g/gui.htm},
  urldate = {2024-07-25},
  year    = {2023},
}


@Online{Spain2022,
  author = {Spain, Jamil},
  date   = {2022-05-12},
  editor = {IBM},
  title  = {What is low-code?},
  url    = {https://www.ibm.com/topics/low-code},
  urldate = {2024-07-25},
}

@Online{Kirvan2024,
  author = {Kirvan, Paul},
  date   = {2024-03},
  editor = {Kevin Ferguson},
  title  = {No-code},
  url    = {https://www.techtarget.com/searchsoftwarequality/definition/no-code},
  urldate = {2024-07-25},
}

@Online{Kirvan2023,
  author  = {Kirvan, Paul and Liptak, Jerry and Horwitz, Lauren},
  date    = {2023-12},
  title   = {citizen cevelopment},
  url     = {https://www.techtarget.com/searchsoftwarequality/definition/citizen-development},
  urldate = {2024-07-25},
}

@article{Oluwaseyi2024,
author = {Oluwaseyi, Joseph},
year = {2024},
month = {04},
pages = {},
title = {A Comprehensive Overview of No-Code and Low-Code Development Paradigms}
}


@Online{ICE2022,
  author  = {{IBM Cloud Education}},
  date    = {2022-05-23},
  editor  = {{IBM Cloud Education}},
  title   = {Low-Code vs. No-Code: Whatâ€™s the Difference?},
  url     = {https://www.ibm.com/blog/low-code-vs-no-code/},
  urldate = {2024-07-25},
}

@Article{vila2021indicators,
  author    = {Vila, Trinidad Dom{'\i}nguez and Gonz{'a}lez, Elisa Al{'e}n and Ara{'u}jo Vila, Noelia and Fraiz Brea, Jose Antonio},
  title     = {Indicators of website features in the user experience of e-tourism search and metasearch engines},
  number    = {1},
  pages     = {18--36},
  volume    = {16},
  journal   = {Journal of theoretical and applied electronic commerce research},
  publisher = {SciELO Chile},
  year      = {2021},
}

@Article{saoula2023building,
  author    = {Saoula, Oussama and Shamim, Amjad and Suki, Norazah Mohd and Ahmad, Munawar Javed and Abid, Muhammad Farrukh and Patwary, Ataul Karim and Abbasi, Amir Zaib},
  title     = {Building e-trust and e-retention in online shopping: the role of website design, reliability and perceived ease of use},
  number    = {2},
  pages     = {178--201},
  volume    = {27},
  journal   = {Spanish Journal of Marketing-ESIC},
  publisher = {Emerald Publishing Limited},
  year      = {2023},
}

@Article{flavian2009web,
  author    = {Flavian, Carlos and Gurrea, Raquel and Orus, Carlos},
  title     = {Web design: a key factor for the website success},
  number    = {2},
  pages     = {168--184},
  volume    = {11},
  journal   = {Journal of Systems and Information Technology},
  publisher = {Emerald Group Publishing Limited},
  year      = {2009},
}

@Article{garett2016literature,
  author    = {Garett, Renee and Chiu, Jason and Zhang, Ly and Young, Sean D},
  title     = {A literature review: website design and user engagement},
  number    = {3},
  pages     = {1},
  volume    = {6},
  journal   = {Online journal of communication and media technologies},
  publisher = {NIH Public Access},
  year      = {2016},
}

@Book{beaird2020principles,
  author    = {Beaird, Jason and Walker, Alex and George, James},
  title     = {The principles of beautiful web design},
  publisher = {SitePoint Pty Ltd},
  year      = {2020},
}

@Article{wagner2020online,
  author    = {Wagner, Gerhard and Schramm-Klein, Hanna and Steinmann, Sascha},
  title     = {Online retailing across e-channels and e-channel touchpoints: Empirical studies of consumer behavior in the multichannel e-commerce environment},
  pages     = {256--270},
  volume    = {107},
  journal   = {Journal of Business Research},
  publisher = {Elsevier},
  year      = {2020},
}

@Online{Seitz2024,
  author = {Lyndon Seitz},
  date   = {2024-04-18},
  editor = {Lyndon Seitz},
  title  = {Mobile Vs. Desktop Internet Usage (Latest 2024 Data)},
  url    = {https://www.broadbandsearch.net/blog/mobile-desktop-internet-usage-statistics},
  urldate = {2024-07-25},
}

@Online{GartnerResearch2019,
  author  = {{Gartner Research}},
  date    = {2019-08-08},
  title   = {Gartner Magic Quadrant for Enterprise Low-Code Application Platforms},
  url     = {https://www.gartner.com/en/documents/3956079},
  urldate = {2024-07-25},
}

@Thesis{VanMullem2022,
  author      = {Van Mullem, Daan},
  date        = {2022},
  institution = {HOGENT},
  title       = {De opkomst van Low-Code platformen in tijden van COVID-19},
  type        = {bathesis},
}

@misc{edigbe2024accessible,
  title={Accessible Low-Code No-Code Development: Analysing the Accessibility of Websites Built with Low-Code and No-Code Technologies in the Citizen Developer Context},
  author={Edigbe, Emmanuel and Drezner, Wiktoria},
  year={2024}
}

@book{kenneweg2021building,
  title={Building Low-Code Applications with Mendix: Discover best practices and expert techniques to simplify enterprise web development},
  author={Kenneweg, Bryan and Kasam, Imran and McMullen, Micah and Guido, Michael},
  year={2021},
  publisher={Packt Publishing Ltd}
}

@inproceedings{rokis2022challenges,
  title={Challenges of low-code/no-code software development: A literature review},
  author={Rokis, Karlis and Kirikova, Marite},
  booktitle={International Conference on Business Informatics Research},
  pages={3--17},
  year={2022},
  organization={Springer}
}

@inproceedings{bernsteiner2022citizen,
  title={Citizen vs. professional developers: differences and similarities of skills and training requirements for low code development platforms},
  author={Bernsteiner, Reinhard and Schl{\"o}gl, Stephan and Ploder, Christian and Dilger, Thomas and Brecher, Florian},
  booktitle={Iceri2022 Proceedings},
  pages={4257--4264},
  year={2022},
  organization={IATED}
}

@article{findikoglu2011small,
  title={Small-and Medium-sized IT Firms and Non-local Service Partnerships: An Assessment of Facilitators},
  author={Findikoglu, Melike Nur},
  journal={Available at SSRN 1874067},
  year={2011}
}
@Comment{jabref-meta: databaseType:biblatex;}
